@Misc{ap-wiki,
  title = {Geometric progression},
  note = {\url{http://en.wikipedia.org/wiki/Geometric_progression}},
  
}

@Misc{gp-wiki,
  title = {Arithmetic progression},
  note = {\url{http://en.wikipedia.org/wiki/Arithmetic_progression}},
}
