@online{ap-wiki,
    author    = "Wikipedia",
    title     = "Arithmetic Progression",
    url       = "http://en.wikipedia.org/wiki/Arithmetic_progression",
    keywords  = "AP,wiki"
}
@online{gp-wiki,
    author    = "Wikipedia",
    title     = "Geometric Progression",
    url       = "http://en.wikipedia.org/wiki/Geometric_progression",
    keywords  = "GP,wiki"
}
